@mastersthesis{aasaru2008,
   author={Aasaru, Juhan},
   title={{Typesafe DSL for Relational Data Manipulation in Java}},
   school={University of Tartu},
   year={2008}
}    

@article{bruneton2002acm,
  title={{ASM: a code manipulation tool to implement adaptable systems}},
  author={Bruneton, E. and Lenglet, R. and Coupaye, T.},
  journal={Adaptable and Extensible Component Systems},
  year={2002}
}

@book{lindholm1999jvm,
  title={{Java Virtual Machine Specification}},
  author={Lindholm, T. and Yellin, F.},
  year={1999},
  publisher={Addison-Wesley Longman Publishing Co., Inc. Boston, MA, USA}
}

@book{gamma1995dpe,
  title={{Design patterns: elements of reusable object-oriented software}},
  author={Gamma, E. and Helm, R. and Johnson, R. and Vlissides, J.},
  year={1995},
  publisher={Addison-Wesley Longman Publishing Co., Inc. Boston, MA, USA}
}

@article{vandeursen2000dsl,
  title={{Domain-specific languages: an annotated bibliography}},
  author={van Deursen, A. and Klint, P. and Visser, J.},
  journal={ACM SIGPLAN Notices},
  volume={35},
  number={6},
  pages={26--36},
  year={2000},
  publisher={ACM Press New York, NY, USA}
}

@article{hudak1996,
 author = {Paul Hudak},
 title = {Building domain-specific embedded languages},
 journal = {ACM Comput. Surv.},
 issn = {0360-0300},
 pages = {196},
 year={1996}
 doi = {http://doi.acm.org/10.1145/242224.242477},
 publisher = {ACM},
 address = {New York, NY, USA},
 }




@book{bentley1999pp,
  title={{Programming Pearls}},
  author={Bentley, J.L. and Bentley, J.},
  year={1999},
  publisher={Addison-Wesley Professional}
}

@article{bringert2004sph,
  title={{Student paper: HaskellDB improved}},
  author={Bringert, B. and H{\"o}ckersten, A. and Andersson, C. and Andersson, M. and Bergman, M. and Blomqvist, V. and Martin, T.},
  journal={Proceedings of the ACM SIGPLAN workshop on Haskell},
  pages={108--115},
  year={2004},
  publisher={ACM Press New York, NY, USA}
}

@article{cuadrado2007bds,
  title={{Building Domain-Specific Languages for Model-Driven Development}},
  author={Cuadrado, J.S. and Molina, J.G.},
  journal={Software, IEEE},
  volume={24},
  number={5},
  pages={48--55},
  year={2007}
}

@article{freeman2004jsr,
  title={{jMock: supporting responsibility-based design with mock objects}},
  author={Freeman, S. and Mackinnon, T. and Pryce, N. and Walnes, J.},
  journal={Conference on Object Oriented Programming Systems Languages and Applications},
  pages={4--5},
  year={2004},
  publisher={ACM Press New York, NY, USA}
}

@book{bauer2005ha,
  title={{Hibernate in action}},
  author={Bauer, C. and King, G.},
  year={2005},
  publisher={Manning}
}

@article{freeman2004jsr,
  title={{jMock: supporting responsibility-based design with mock objects}},
  author={Freeman, S. and Mackinnon, T. and Pryce, N. and Walnes, J.},
  journal={Conference on Object Oriented Programming Systems Languages and Applications},
  pages={4--5},
  year={2004},
  publisher={ACM Press New York, NY, USA}
}




